<collection xmlns="http://www.loc.gov/MARC21/slim">
<record>
  <leader>01307nam0a2200253 i 450 </leader>
  <controlfield tag="001">IT\ICCU\CNCE\001814</controlfield>
  <controlfield tag="005">20110221000000.0</controlfield>
  <datafield tag="012" ind1=" " ind2=" ">
    <subfield code="a">r-io vim- onmo co&amp;t (3) 1578 (R)</subfield>
    <subfield code="2">fei</subfield>
  </datafield>
  <datafield tag="100" ind1=" " ind2=" ">
    <subfield code="a">19970101d1578        0itac0103    ba</subfield>
  </datafield>
  <datafield tag="101" ind1=" " ind2=" ">
    <subfield code="a">ITA</subfield>
  </datafield>
  <datafield tag="102" ind1=" " ind2=" ">
    <subfield code="a">IT</subfield>
  </datafield>
  <datafield tag="200" ind1="1" ind2=" ">
    <subfield code="a">℗L&apos;℗historia di Santa Maria di Loreto di Girolamo Angelita tradotta in lingua volgare da m. Giulio Cesare Galeotti d&apos;Ascisi. Con compendio dell&apos;indulgenze concesse da vari sommi pontefici alla Santa Casa di Loreto, et alcuni auuertimenti per peregrini chevanno a visitare essa Madonna o altri luoghi santi</subfield>
  </datafield>
  <datafield tag="210" ind1=" " ind2=" ">
    <subfield code="a">In Macerata</subfield>
    <subfield code="c">appresso Sebastiano Martellini</subfield>
    <subfield code="c">ad instantia di Claudio Sabini</subfield>
    <subfield code="d">1578</subfield>
  </datafield>
  <datafield tag="215" ind1=" " ind2=" ">
    <subfield code="a">119, \1! p.</subfield>
    <subfield code="d">12ʻ</subfield>
  </datafield>
  <datafield tag="620" ind1=" " ind2=" ">
    <subfield code="a">IT</subfield>
    <subfield code="d">Macerata</subfield>
  </datafield>
  <datafield tag="700" ind1=" " ind2="1">
    <subfield code="a">Angelita,</subfield>
    <subfield code="b">Girolamo</subfield>
    <subfield code="3">IT\ICCU\CNCA\000722</subfield>
  </datafield>
  <datafield tag="702" ind1=" " ind2="1">
    <subfield code="a">Galeotti,</subfield>
    <subfield code="b">Giulio Cesare</subfield>
    <subfield code="3">IT\ICCU\CNCA\000186</subfield>
  </datafield>
  <datafield tag="712" ind1="0" ind2="0">
    <subfield code="a">Martellini, Sebastiano</subfield>
    <subfield code="3">IT\ICCU\CNCT\000296</subfield>
    <subfield code="4">650</subfield>
  </datafield>
  <datafield tag="712" ind1="0" ind2="0">
    <subfield code="a">Sabini, Claudio</subfield>
    <subfield code="3">IT\ICCU\CNCT\000617</subfield>
    <subfield code="4">650</subfield>
  </datafield>
  <datafield tag="790" ind1=" " ind2="1">
    <subfield code="a">Angelitta,</subfield>
    <subfield code="b">Girolamo</subfield>
    <subfield code="3">IT\ICCU\CNCA\012651</subfield>
    <subfield code="z">Angelita, Girolamo</subfield>
  </datafield>
  <datafield tag="790" ind1=" " ind2="1">
    <subfield code="a">Galeottus,</subfield>
    <subfield code="b">Iulius Caesar</subfield>
    <subfield code="3">IT\ICCU\CNCA\019376</subfield>
    <subfield code="z">Galeotti, Giulio Cesare</subfield>
  </datafield>
  <datafield tag="791" ind1="0" ind2="0">
    <subfield code="a">Martellinus, Sebastianus</subfield>
    <subfield code="3">IT\ICCU\CNCT\005040</subfield>
    <subfield code="z">Martellini, Sebastiano</subfield>
  </datafield>
  <datafield tag="801" ind1=" " ind2="3">
    <subfield code="a">IT</subfield>
    <subfield code="b">ICCU</subfield>
    <subfield code="c">20201113</subfield>
  </datafield>
  <datafield tag="899" ind1=" " ind2=" ">
    <subfield code="a">Biblioteca Casanatense. Roma</subfield>
    <subfield code="1">RM0313</subfield>
    <subfield code="2">RML 07</subfield>
  </datafield>
</record>
</collection>
